@String(PAMI = {IEEE Trans. Pattern Anal. Mach. Intell.})
@String(IJCV = {Int. J. Comput. Vis.})
@String(CVPR= {IEEE Conf. Comput. Vis. Pattern Recog.})
@String(ICCV= {Int. Conf. Comput. Vis.})
@String(ECCV= {Eur. Conf. Comput. Vis.})
@String(NIPS= {Adv. Neural Inform. Process. Syst.})
@String(ICPR = {Int. Conf. Pattern Recog.})
@String(BMVC= {Brit. Mach. Vis. Conf.})
@String(TOG= {ACM Trans. Graph.})
@String(TIP  = {IEEE Trans. Image Process.})
@String(TVCG  = {IEEE Trans. Vis. Comput. Graph.})
@String(TMM  = {IEEE Trans. Multimedia})
@String(ACMMM= {ACM Int. Conf. Multimedia})
@String(ICME = {Int. Conf. Multimedia and Expo})
@String(ICASSP=	{ICASSP})
@String(ICIP = {IEEE Int. Conf. Image Process.})
@String(ACCV  = {ACCV})
@String(ICLR = {Int. Conf. Learn. Represent.})
@String(IJCAI = {IJCAI})
@String(PR   = {Pattern Recognition})
@String(AAAI = {AAAI})
@String(CVPRW= {IEEE Conf. Comput. Vis. Pattern Recog. Worksh.})
@String(CSVT = {IEEE Trans. Circuit Syst. Video Technol.})

@String(SPL	= {IEEE Sign. Process. Letters})
@String(VR   = {Vis. Res.})
@String(JOV	 = {J. Vis.})
@String(TVC  = {The Vis. Comput.})
@String(JCST  = {J. Comput. Sci. Tech.})
@String(CGF  = {Comput. Graph. Forum})
@String(CVM = {Computational Visual Media})


@String(PAMI  = {IEEE TPAMI})
@String(IJCV  = {IJCV})
@String(CVPR  = {CVPR})
@String(ICCV  = {ICCV})
@String(ECCV  = {ECCV})
@String(NIPS  = {NeurIPS})
@String(ICPR  = {ICPR})
@String(BMVC  =	{BMVC})
@String(TOG   = {ACM TOG})
@String(TIP   = {IEEE TIP})
@String(TVCG  = {IEEE TVCG})
@String(TCSVT = {IEEE TCSVT})
@String(TMM   =	{IEEE TMM})
@String(ACMMM = {ACM MM})
@String(ICME  =	{ICME})
@String(ICASSP=	{ICASSP})
@String(ICIP  = {ICIP})
@String(ACCV  = {ACCV})
@String(ICLR  = {ICLR})
@String(IJCAI = {IJCAI})
@String(PR = {PR})
@String(AAAI = {AAAI})
@String(CVPRW= {CVPRW})
@String(CSVT = {IEEE TCSVT})



@article{Harbeck,
 author = {Nadia Harbeck and Frédérique Penault-Llorca and Javier Cortes and Michael Gnant and Nehmat Houssami and Philip Poortmans and Kathryn Ruddy and Janice Tsang},
 title = {Breast Cancer},
 year = 2019,
 journal={Nature Reviews Disease Primers}
}

@article{Hameed,
 author = {Z. Hammed and S. Zahia and B. Garcia-Zapirain and J. J. Aguirre and A. M. Vanegas},
 title = {Breast cancer histopathology image classification using an ensemble of deep learning models},
 year = 2020,
 journal={Sensors}
}

@article{Krigitha,
 author = {R. Krigitha and P. Geetha},
 title = {Deep learning based breast cancer detection and classification using fuzzy merging techniques},
 year = 2020,
 journal = {Mach. Vis. Appl.},
 pages = {1--18}
}

@article{George,
 author = {Y. M. George and H. H. Zayed and M. I. Roushdy and B. M. Elbagoury},
 title = {Remote computer-aided breast cancer detection and diagnosis system based on cytological images},
 journal = {IEEE Syst. J.},
 year = 2014,
 pages = {949--964}
}

@article{TIWARI,
author = {M. TIWARI and R. Bharuka and P. Shah and R. Lokare},
title = {Breast cancer prediction using deep learning and machine learning techniques},
journal = {SSRN Electron. J.},
year = 2020
}

@misc{Mazumder,
author = {Saikat Mazumder},
title = {5 Techniques to Handle Imbalanced Data For a Classification Problem},
note = {Analytics Vidhya},
month = {June},
Day = {21},
year = 2004,
howpublished = \href{Analytics Vidhya Link}{https://www.analyticsvidhya.com/blog/2021/06/5-techniques-to-handle-imbalanced-data-for-a-classification-problem/#:~:text=Imbalanced\%20data\%20refers\%20to\%20those,very\%20low\%20number\%20of\%20observations.}
}

